<record><leader>00000cas a22000007a 4500</leader><controlfield tag="001">12958954</controlfield><controlfield tag="008">851230d18941979wvuwr ne      0    0eng d</controlfield><datafield ind1=" " ind2=" " tag="010"><subfield code="a">sn 85059883 </subfield></datafield><datafield ind1=" " ind2=" " tag="040"><subfield code="a">WVC</subfield><subfield code="b">eng</subfield><subfield code="c">WVC</subfield><subfield code="d">OCL</subfield><subfield code="d">OCLCQ</subfield></datafield><datafield ind1=" " ind2=" " tag="042"><subfield code="a">msc</subfield></datafield><datafield ind1="0" ind2=" " tag="130"><subfield code="a">Independent (Weston, W. Va.)</subfield></datafield><datafield ind1="1" ind2="4" tag="245"><subfield code="a">The independent.</subfield></datafield><datafield ind1=" " ind2=" " tag="260"><subfield code="a">Weston, W. Va. :</subfield><subfield code="b">Charles P. Darlinton &amp; Charles D. Vassar,</subfield><subfield code="c">-1979.</subfield></datafield><datafield ind1=" " ind2=" " tag="300"><subfield code="a">v.</subfield></datafield><datafield ind1=" " ind2=" " tag="310"><subfield code="a">Weekly</subfield></datafield><datafield ind1="1" ind2=" " tag="362"><subfield code="a">Began June 26, 1894.</subfield><subfield code="z">Cf. Weston independent. Lewis Co. Publishers and Publishing.</subfield></datafield><datafield ind1="0" ind2=" " tag="362"><subfield code="a">-v. 85, no. 4 (Jan. 26, 1979).</subfield></datafield><datafield ind1=" " ind2=" " tag="500"><subfield code="a">Detailed publishing history can be found in Weston Independent. Lewis Co. Journalists and Journalism.</subfield></datafield><datafield ind1=" " ind2=" " tag="500"><subfield code="a">Editors: C.P. Darlinton &amp; C.D. Vassar.</subfield></datafield><datafield ind1=" " ind2=" " tag="588"><subfield code="a">Description based on: Vol. 1, no. 2 (July 3, 1894).</subfield></datafield><datafield ind1=" " ind2=" " tag="752"><subfield code="a">United States</subfield><subfield code="b">West Virginia</subfield><subfield code="c">Lewis</subfield><subfield code="d">Weston.</subfield></datafield><datafield ind1="0" ind2="5" tag="780"><subfield code="t">Weston World</subfield><subfield code="w">(DLC)sn 85059889</subfield></datafield><datafield ind1="1" ind2=" " tag="029"><subfield code="a">AU@</subfield><subfield code="b">000023601940</subfield></datafield></record>